
@article{doi:10.1080/2330443X.2017.1389620,
author = {Stephen Ansolabehere and Eitan D. Hersh},
title = {ADGN: An Algorithm for Record Linkage Using Address, Date of Birth, Gender, and Name},
journal = {Statistics and Public Policy},
volume = {4},
number = {1},
pages = {1-10},
year  = {2017},
publisher = {Taylor & Francis},
doi = {10.1080/2330443X.2017.1389620},
URL = {https://doi.org/10.1080/2330443X.2017.1389620},
eprint = {https://doi.org/10.1080/2330443X.2017.1389620}
}

@article{breiman96bagging,
    author = "Leo Breiman",
    title = "Bagging Predictors",
    journal = "Machine Learning",
    volume = "24",
    number = "2",
    pages = "123-140",
    year = "1996",
    url = "citeseer.nj.nec.com/breiman96bagging.html" }

@article{dwork2015reusable,
  title={The reusable holdout: Preserving validity in adaptive data analysis},
  author={Dwork, Cynthia and Feldman, Vitaly and Hardt, Moritz and Pitassi, Toniann and Reingold, Omer and Roth, Aaron},
  journal={Science},
  volume={349},
  number={6248},
  pages={636--638},
  year={2015},
  publisher={American Association for the Advancement of Science}
}
@inproceedings{bengio2005expected,
  title={The expected performance curve},
  author={Bengio, Samy and Mari{\'e}thoz, Johnny and Keller, Mikaela},
  booktitle={International Conference on Machine Learning, ICML, Workshop on ROC Analysis in Machine Learning},
  number={EPFL-CONF-83266},
  year={2005}
}

@TechReport{wang2017deep,
  title={Deep neural networks are more accurate than humans at detecting sexual orientation from facial images.},
  author={Wang, Yilun and Kosinski, Michal},
  year={2017},
  instutution={PsyArXiv},
  note={\url{https://psyarxiv.com/hv28a/}}
}


@techreport{samarati1998protecting,
  title={Protecting privacy when disclosing information: k-anonymity and its enforcement through generalization and suppression},
  author={Samarati, Pierangela and Sweeney, Latanya},
  year={1998},
  institution={technical report, SRI International}
}

@techreport{fix1951discriminatory,
  title={Discriminatory analysis-nonparametric discrimination: consistency properties},
  author={Fix, Evelyn and Hodges Jr, Joseph L},
  year={1951},
  institution={California Univ Berkeley}
}